@book{almira2017fourier,
  title={Fourier: un matem{\'a}tico al servicio de la f{\'\i}sica},
  author={Almira, J.M.},
  isbn={9788447387755},
  series={Genios de las matem{\'a}ticas},
  year={2017},
  publisher={RBA}
}

@misc{unal_52162,
        author = {Campo Bedoya Oscar Leandro},
        title = {Ecuación de D'Alembert, de la cuerda vibrante, bajo la teoría de Lie},
        howpublished = {\url{https://repositorio.unal.edu.co/handle/unal/52162}},
        year = {2014},
        note= {Accedido: 23 Octubre, 2024},
}

@misc{bernoulli_Mechanics,
        author = {I. Grattan-Guinness},
        title = {Daniel Bernoulli and the varieties of mechanics},
        howpublished = {\url{https://www.nieuwarchief.nl/serie5/pdf/naw5-2000-01-3-242.pdf}},
        year = {2000},
        note= {Accedido: 23 Octubre, 2024},
}

@book{springer1999Physics,
  title={The Language of Physics: The Calculus and the Development of Theoretical Physics in Europe,  1750-1914},
  author={Garber E.},
  isbn={978-1-4612-7272-4},
  year={1999},
  publisher={Springer}
}

@misc{demostracion-onda,
        author = {Chamorro D.},
        title = { Lección n°5: Ecuación de Ondas },
        howpublished = {\url{https://www.amarun.org/images/amarun/materiales/EDP/edp/Leccion_5.pdf}},
	year = { 2015 },
	journal = { Ecuaciones en Derivadas Parciales (Nivel 3) },
        note= {Accedido: 23 Octubre, 2024},
}

@misc{historia-alambert-fourier-euler,
        author = {Cañada A.},
        title = {Una perspectiva histórica de las series de Fourier: de las ecuaciones de ondas y del calor a los operadores compactos y autoadjuntos},
        howpublished = {\url{https://www.nieuwarchief.nl/serie5/pdf/naw5-2000-01-3-242.pdf}},
	year = { 2000 },
	journal = { Revista Latinoamericana de Investigación en Matemática Educativa, RELIME },
	issn = { 1665-2436 },
        note= {Accedido: 23 Octubre, 2024},
}

@misc{demostracion-calor,
        author = {Brereton J. T.},
        title = { FOURIER SERIES: SOLVING THE HEAT EQUATION },
        howpublished = {\url{https://math.berkeley.edu/~jbrere/heatequation}},
	year = { 2015 },
	journal = { Home | Department of Mathematics},
        note= {Accedido: 23 Octubre, 2024},
}

@misc{demostracion-calor-feldman,
        author = {Feldman J. },
        title = { Solution of the Heat Equation by Separation of Variables },
        howpublished = {\url{https://personal.math.ubc.ca/~feldman/m267/heatSln.pdf}},
	year = { 2007 },
        note= {Accedido: 23 Octubre, 2024},
}

@book{fourierHsu,
  title     = {Analisis de Fourier},
  author    = {Hsu, P.H.},
  year      = {1987},
  publisher = {Addison-Wesley Iberoamericana},
  isbn      = {9685000476}
}

@book{fourierTolstov,
  title     = {Fourier Series},
  author    = {Tolstov, P.G.},
  year      = {1962},
  publisher = {Prentice-Hall, Inc.},
  isbn      = {9780486633176}
}

@misc{fourierCinvestav,
  author       = {Dr. Wilfrido Gómez Flores},
  title        = {Introducción al Análisis de Fourier},
  howpublished = {\url{https://www.tamps.cinvestav.mx/~wgomez/documentos/analisis_de_fourier.pdf}},
  year         = {2024},
  note         = {Accedido: 26 Oct, 2024},
}

@misc{wolfram2024,
  author       = {Wolfram | Alpha: Computational Intelligence},
  title        = {Fourier Analysis—Wolfram Language Documentation},
  howpublished = {\url{https://reference.wolfram.com/language/guide/FourierAnalysis.html}},
  year         = {2024},
  note         = {Accedido: 17 Junio, 2024},
}

@misc{GeoGebra2024,
  author = {{GeoGebra}},
  title = {GeoGebra - the world’s favorite, free math tools used by over 100 million students and teachers},
  year = {2024},
  howpublished = {\url{https://www.geogebra.org}},
  note = {Accedido: 14 Junio, 2024}
}
@misc{Desmos2024,
  author = {{Desmos}},
  title = {Desmos | Let's learn together},
  year = {2024},
  howpublished = {\url{https://www.desmos.com}},
  note = {Accedido: 14 Junio, 2024}
}
@misc{Manim2024,
  author = {{Manim Community}},
  title = {Manim Community},
  year = {2024},
  howpublished = {\url{https://www.manim.community}},
  note = {Accedido: 14 Junio, 2024}
}
@misc{Matplotlib-sympy2024,
	author = {Ettore Messina},
	title = {Fourier Series in Python},
	year = {2024},
	howpublished = {\url{https://computationalmindset.com/en/mathematics/fourier-series-in-python.html}},
	note = {Accedido: 3 Octubre, 2024}
}
@misc{MathWorks2024,
  author = {{MathWorks}},
  title = {MathWorks - Creadores de MATLAB y Simulink - MATLAB y Simulink},
  year = {2024},
  howpublished = {\url{https://la.mathworks.com/}},
  note = {Accedido: 14 Junio, 2024}
}

\underline{}@inproceedings{adam2015higgs,
  title        = {The Higgs boson machine learning challenge},
  author       = {Adam-Bourdarios, Claire and Cowan, Glen and Germain, C{\'e}cile and Guyon, Isabelle and K{\'e}gl, Bal{\'a}zs and Rousseau, David},
  booktitle    = {NIPS 2014 Workshop on High-energy Physics and Machine Learning},
  pages        = {19--55},
  year         = {2015},
  organization = {PMLR}
}
@article{baldi2014searching,
  title     = {Searching for exotic particles in high-energy physics with deep learning},
  author    = {Baldi, Pierre and Sadowski, Peter and Whiteson, Daniel},
  journal   = {Nature communications},
  volume    = {5},
  number    = {1},
  pages     = {1--9},
  year      = {2014},
  publisher = {Nature Publishing Group}
}
@inproceedings{li2018deep,
  title        = {Deep Learning for Signal and Background Discrimination in Liquid based Neutrino Experiment},
  author       = {Li, Rui and Zhengyun, You and Zhang, Yumei},
  booktitle    = {Journal of Physics: Conference Series},
  volume       = {1085},
  number       = {4},
  pages        = {042037},
  year         = {2018},
  organization = {IOP Publishing}
}
@article{shlomi2020graph,
  title     = {Graph neural networks in particle physics},
  author    = {Shlomi, Jonathan and Battaglia, Peter and Vlimant, Jean-Roch},
  journal   = {Machine Learning: Science and Technology},
  volume    = {2},
  number    = {2},
  pages     = {021001},
  year      = {2020},
  publisher = {IOP Publishing}
}
@article{atlas2014neural,
  title     = {A neural network clustering algorithm for the ATLAS silicon pixel detector},
  author    = {Atlas Collaboration and others},
  journal   = {Journal of Instrumentation},
  volume    = {9},
  number    = {09},
  pages     = {P09009},
  year      = {2014},
  publisher = {IOP Publishing}
}

@misc{MetodologíasDeDesarrollo2015,
  author = {{MathWorks}},
  title = {Metodologías de desarrollo.},
  year = {2015},
  howpublished = {\url{https://woodyweb.wordpress.com/2015/08/24/metodologias-de-desarrollo/}},
  note = {Accedido: 22 Oct, 2024}
}
